/home/sabsirro/Bibliography/Master_Thesis.bib